@online{Solnon2016coursAAIA,
  author       = {Christine Solnon},
  title        = {Première partie : Algorithmique avancée pour les graphes},
  year         = {2016},
  url          = {http://perso.citi-lab.fr/csolnon/supportAlgoGraphes.pdf},
  urldate      = {2023-12-28}, % Remplacer YYYY-MM-DD par la date à laquelle vous avez consulté le document.
  note         = {AAIA},
  organization = {CITI Lab, INSA Lyon dépt. Informatique},
}

@misc{ramirezamaya2017proof,
  author = {Simón Ramírez Amaya and BMBM},
  title = {Proof - raising adjacency matrix to n-th power gives n-length walks between two vertices},
  year = {2017},
  url = {https://math.stackexchange.com/questions/2434064/proof-raising-adjacency-matrix-to-n-th-power-gives-n-length-walks-between},
  urldate = {2023-12-28}
}
